<?xml version="1.0" encoding="UTF-8"?><collection xmlns="http://www.loc.gov/MARC21/slim"><record><leader>00537nam--2200193-u-4500</leader><controlfield tag="001">000056786</controlfield><controlfield tag="002">20190705</controlfield><controlfield tag="005">20190705045907</controlfield><controlfield tag="008">190705s1000------------r-----000-0-fra-d</controlfield><datafield ind1=" " ind2=" " tag="040"><subfield code="a">IFIN-HH</subfield></datafield><datafield ind1="1" ind2=" " tag="100"><subfield code="a">Berestetski, V</subfield></datafield><datafield ind1="1" ind2="0" tag="245"><subfield code="a">Theorie quantique relativiste. Premiere parte</subfield><subfield code="c">V. Berestetski; E. Lifchitz; L. Pitayevski</subfield></datafield><datafield ind1=" " ind2=" " tag="260"><subfield code="a">Moscou</subfield><subfield code="b">Editions Mir</subfield><subfield code="c">1972</subfield></datafield><datafield ind1=" " ind2=" " tag="300"><subfield code="a">515 p</subfield></datafield><datafield ind1=" " ind2=" " tag="500"><subfield code="a">Donatie Dan Brancus</subfield></datafield><datafield ind1="1" ind2=" " tag="700"><subfield code="a">Lifchitz, E</subfield></datafield><datafield ind1=" " ind2=" " tag="700"><subfield code="a">Pitayevski, L</subfield></datafield><datafield ind1=" " ind2=" " tag="852"><subfield code="a">82730</subfield><subfield code="c">530.12</subfield></datafield><datafield ind1=" " ind2=" " tag="CAT"><subfield code="a">SYS</subfield><subfield code="c">20190705</subfield><subfield code="h">045907</subfield></datafield></record></collection>